<?xml version="1.0" encoding="UTF-8"?>
<collection xmlns:xsi="http://www.w3.org/2001/XMLSchema-instance" xsi:schemaLocation="http://www.loc.gov/MARC21/slim http://www.loc.gov/standards/marcxml/schema/MARC21slim.xsd" xmlns="http://www.loc.gov/MARC21/slim">
<record>
  <leader>00754cam a2200217M  4500</leader>
  <controlfield tag="001">3076460</controlfield>
  <controlfield tag="003">NNC</controlfield>
  <controlfield tag="005">20140528134857.0</controlfield>
  <controlfield tag="008">940603s1936    ua            000 0 ara d</controlfield>
  <datafield tag="035" ind1=" " ind2=" ">
    <subfield code="a">(OCoLC)ocm33110164</subfield>
  </datafield>
  <datafield tag="035" ind1=" " ind2=" ">
    <subfield code="9">ATQ0065CU</subfield>
  </datafield>
  <datafield tag="035" ind1=" " ind2=" ">
    <subfield code="a">(NNC)3076460</subfield>
  </datafield>
  <datafield tag="040" ind1=" " ind2=" ">
    <subfield code="a">MNU</subfield>
    <subfield code="c">MNU</subfield>
    <subfield code="d">ZCU</subfield>
  </datafield>
  <datafield tag="099" ind1=" " ind2=" ">
    <subfield code="a">893.7K84</subfield>
    <subfield code="a">DS95</subfield>
  </datafield>
  <datafield tag="100" ind1="1" ind2=" ">
    <subfield code="a">Sulaymān, Muḥammad,</subfield>
    <subfield code="d">-1936 or 1937.</subfield>
  </datafield>
  <datafield tag="240" ind1="1" ind2="0">
    <subfield code="a">Ḥadath al-aḥdāth fī al-Islām</subfield>
  </datafield>
  <datafield tag="245" ind1="1" ind2="0">
    <subfield code="a">Kitāb Ḥadath al-aḥdāth fī al-Islām :</subfield>
    <subfield code="b">al-iqdām ʻalá tarjamat al-Qurʾān /</subfield>
    <subfield code="c">bi-qalam Muḥammad Sulaymān.</subfield>
  </datafield>
  <datafield tag="260" ind1=" " ind2=" ">
    <subfield code="a">al-Qāhirah :</subfield>
    <subfield code="b">Maṭbaʻat Jarīdat Miṣr al-Ḥurrah,</subfield>
    <subfield code="c">1355 [1936]</subfield>
  </datafield>
  <datafield tag="300" ind1=" " ind2=" ">
    <subfield code="a">226 p. ;</subfield>
    <subfield code="c">19 cm.</subfield>
  </datafield>
  <datafield tag="630" ind1="0" ind2="0">
    <subfield code="a">Qurʼan</subfield>
    <subfield code="x">Criticism, interpretation, etc.</subfield>
  </datafield>
  <datafield tag="955" ind1=" " ind2=" ">
    <subfield code="b">CU58887075</subfield>
    <subfield code="d">off,glx</subfield>
    <subfield code="e">893.7K84 DS95</subfield>
  </datafield>
</record>
</collection>